@Article{Havard2009,
    author = {H{\aa}vard Rue and Sara Martino and Nicholas Chopin},
    title = {Approximate {Bayesian} Inference for Latent {Gaussian} Models Using Integrated Nested {Laplace} Approximations (with discussion).},
    journal = {Journal of the Royal Statistical Society B},
    year = {2009},
    volume = {71},
    pages = {319--392},
  }
  
 @Article{Lindgren2011,
    author = {Finn Lindgren and H{\aa}vard Rue and Johan Lindstr{\"o}m},
    title = {An Explicit Link between {Gaussian} Fields and {Gaussian} {Markov} Random Fields: The Stochastic Partial Differential Equation Approach (with discussion).},
    year = {2011},
    volume = {73},
    number = {4},
    pages = {423--498},
    journal = {Journal of the Royal Statistical Society B},
  }

@Article{Thiago2013,
    author = {Thiago G. Martins and Daniel Simpson and Finn Lindgren and H{\aa}vard Rue},
    title = {Bayesian computing with {INLA}: {N}ew features.},
    year = {2013},
    volume = {67},
    pages = {68--83},
    journal = {Computational Statistics and Data Analysis},
  }

@Article{Coninck2016,
    title = {Needles: Toward Large-Scale Genomic Prediction with Marker-by-Environment Interaction},
    author = {Arne {De Coninck} and Bernard {De Baets} and Drosos Kourounis and Fabio Verbosio and Olaf Schenk and Steven Maenhout and Jan Fostier},
    volume = {203},
    number = {1},
    pages = {543--555},
    year = {2016},
    doi = {10.1534/genetics.115.179887},
    journal = {Genetics},
    url = {http://dx.doi.org/10.1534/genetics.115.179887},
    eprint = {http://www.genetics.org/content/203/1/543.full.pdf},
  }
  
@Article{Rue2017,
    author = {H{\aa}vard Rue and Andrea I. Riebler and Sigrunn H. S{\o}rbye and Janine B. Illian and Daniel P. Simpson and Finn K. Lindgren},
    title = {Bayesian computing with {INLA}: {A} review},
    year = {2017},
    volume = {4},
    number = {March},
    pages = {395--421},
    journal = {Annual Reviews of Statistics and Its Applications},
    url = {http://arxiv.org/abs/1604.00860},
  }
  
@Article{Verbosio2017,
    title = {Enhancing the scalability of selected inversion factorization algorithms in genomic prediction},
    author = {Fabio Verbosio and Arne {De Coninck} and Drosos Kourounis and Olaf Schenk},
    journal = {Journal of Computational Science},
    volume = {22},
    number = {Supplement C},
    pages = {99-108},
    year = {2017},
    issn = {1877-7503},
    url = {https://doi.org/10.1016/j.jocs.2017.08.013},
  }
  
@Article{Kourounis2018,
    title = {Towards the Next Generation of Multiperiod Optimal Power Flow Solvers},
    author = {D. Kourounis and A. Fuchs and O. Schenk},
    journal = {IEEE Transactions on Power Systems},
    year = {2018},
    volume = {PP},
    number = {99},
    pages = {1-10},
    url = {https://doi.org/10.1109/TPWRS.2017.2789187},
  }
