@article{hastie1986generalized,
  title={Generalized additive models Statistical science},
  author={Hastie, T and Tibshirani, R},
  year={1986}
}

@book{wood2017generalized,
  title={Generalized additive models: an introduction with R},
  author={Wood, Simon N},
  year={2017},
  publisher={Chapman and Hall/CRC}
}

@Manual{Rgam,
    title = {gam: Generalized Additive Models},
    author = {Trevor Hastie},
    year = {2018},
    note = {R package version 1.16},
    url = {https://CRAN.R-project.org/package=gam},
  }

@article{larsen2015gam,
  title={GAM: The predictive modeling silver bullet},
  author={Larsen, Kim},
  journal={Multithreaded. Stitch Fix},
  volume={30},
  year={2015}
}



