
@inproceedings{nakayama2002trial,
  title={TRIAL MEASURMENTS OF DRIVER FATIGUE IN EXTENDED DRIVING CONDITION},
  author={Nakayama, Haruyuki},
  booktitle={9th World Congress on Intelligent Transport SystemsITS America, ITS Japan, ERTICO (Intelligent Transport Systems and Services-Europe)},
  year={2002}
}

@article{jackson2016utility,
  title={The utility of automated measures of ocular metrics for detecting driver drowsiness during extended wakefulness},
  author={Jackson, Melinda L and Kennedy, Gerard A and Clarke, Catherine and Gullo, Melissa and Swann, Philip and Downey, Luke A and Hayley, Amie C and Pierce, Rob J and Howard, Mark E},
  journal={Accident Analysis \& Prevention},
  volume={87},
  pages={127--133},
  year={2016},
  publisher={Elsevier}
}

@article{kecklund1993sleepiness,
  title={Sleepiness in long distance truck driving: an ambulatory EEG study of night driving},
  author={Kecklund, G{\"o}ran and {\AA}kerstedt, Torbj{\"o}rn},
  journal={Ergonomics},
  volume={36},
  number={9},
  pages={1007--1017},
  year={1993},
  publisher={Taylor \& Francis}
}

@article{cajochen1995power,
  title={Power density in theta/alpha frequencies of the waking EEG progressively increases during sustained wakefulness},
  author={Cajochen, Christian and Brunner, Daniel P and Krauchi, Kurt and Graw, Peter and Wirz-Justice, Anna},
  journal={Sleep},
  volume={18},
  number={10},
  pages={890--894},
  year={1995},
  publisher={Oxford University Press}
}

@article{patel2011applying,
  title={Applying neural network analysis on heart rate variability data to assess driver fatigue},
  author={Patel, Miteshkumar and Lal, Sara KL and Kavanagh, Diarmuid and Rossiter, Peter},
  journal={Expert systems with Applications},
  volume={38},
  number={6},
  pages={7235--7242},
  year={2011},
  publisher={Elsevier}
}

@article{mulder1992measurement,
  title={Measurement and analysis methods of heart rate and respiration for use in applied environments},
  author={Mulder, LJM},
  journal={Biological psychology},
  volume={34},
  number={2-3},
  pages={205--236},
  year={1992},
  publisher={Elsevier}
}

@article{soccolich2013analysis,
  title={An analysis of driving and working hour on commercial motor vehicle driver safety using naturalistic data collection},
  author={Soccolich, Susan A and Blanco, Myra and Hanowski, Richard J and Olson, Rebecca L and Morgan, Justin F and Guo, Feng and Wu, Shih-Ching},
  journal={Accident Analysis \& Prevention},
  volume={58},
  pages={249--258},
  year={2013},
  publisher={Elsevier}
}

@article{sparrow2016naturalistic,
  title={Naturalistic field study of the restart break in US commercial motor vehicle drivers: Truck driving, sleep, and fatigue},
  author={Sparrow, Amy R and Mollicone, Daniel J and Kan, Kevin and Bartels, Rachel and Satterfield, Brieann C and Riedy, Samantha M and Unice, Aaron and Van Dongen, Hans PA},
  journal={Accident Analysis \& Prevention},
  volume={93},
  pages={55--64},
  year={2016},
  publisher={Elsevier}
}

@article{burks2016nonadherence,
  title={Nonadherence with employer-mandated sleep apnea treatment and increased risk of serious truck crashes},
  author={Burks, Stephen V and Anderson, Jon E and Bombyk, Matthew and Haider, Rebecca and Ganzhorn, Derek and Jiao, Xueyang and Lewis, Connor and Lexvold, Andrew and Liu, Hong and Ning, Jiachen and others},
  journal={Sleep},
  volume={39},
  number={5},
  pages={967--975},
  year={2016},
  publisher={Oxford University Press}
}

@article{dong2017estimating,
  title={Estimating factors contributing to frequency and severity of large truck--involved crashes},
  author={Dong, Chunjiao and Dong, Qiao and Huang, Baoshan and Hu, Wei and Nambisan, Shashi S},
  journal={Journal of Transportation Engineering, Part A: Systems},
  volume={143},
  number={8},
  pages={04017032},
  year={2017},
  publisher={American Society of Civil Engineers}
}

@article{liu2018predicting,
  title={Predicting interstate motor carrier crash rate level using classification models},
  author={Liu, Jundi and Boyle, Linda N and Banerjee, Ashis G},
  journal={Accident Analysis \& Prevention},
  volume={120},
  pages={211--218},
  year={2018},
  publisher={Elsevier}
}

@article{dong2015assessment,
  title={Assessment of the effects of highway geometric design features on the frequency of truck involved crashes using bivariate regression},
  author={Dong, Chunjiao and Nambisan, Shashi S and Richards, Stephen H and Ma, Zhuanglin},
  journal={Transportation Research Part A: Policy and Practice},
  volume={75},
  pages={30--41},
  year={2015},
  publisher={Elsevier}
}

@article{pahukula2015time,
  title={A time of day analysis of crashes involving large trucks in urban areas},
  author={Pahukula, Jasmine and Hernandez, Salvador and Unnikrishnan, Avinash},
  journal={Accident Analysis \& Prevention},
  volume={75},
  pages={155--163},
  year={2015},
  publisher={Elsevier}
}

@article{islam2014comprehensive,
  title={Comprehensive analysis of single-and multi-vehicle large truck at-fault crashes on rural and urban roadways in Alabama},
  author={Islam, Samantha and Jones, Steven L and Dye, Daniel},
  journal={Accident Analysis \& Prevention},
  volume={67},
  pages={148--158},
  year={2014},
  publisher={Elsevier}
}

@article{uddin2017truck,
  title={Truck-involved crashes injury severity analysis for different lighting conditions on rural and urban roadways},
  author={Uddin, Majbah and Huynh, Nathan},
  journal={Accident Analysis \& Prevention},
  volume={108},
  pages={44--55},
  year={2017},
  publisher={Elsevier}
}

@techreport{dingus2006100,
  title={The 100-Car Naturalistic Driving Study. Phase 2: Results of the 100-Car Field Experiment},
  author={Dingus, Thomas A and Klauer, Sheila G and Neale, Vicki Lewis and Petersen, Andy and Lee, Suzanne E and Sudweeks, Jeremy and Perez, Miguel A and Hankey, Jonathan and Ramsey, David and Gupta, Santosh and others},
  year={2006},
  institution={United States. Department of Transportation. National Highway Traffic Safety~â€¦}
}

@article{knipling2015naturalistic,
  title={Naturalistic driving events: No harm, no foul, no validity},
  author={Knipling, Ronald R},
  year={2015},
  publisher={University of Iowa}
}

@article{knipling2017threats,
  title={Threats to Scientific Validity in Truck Driver Hours-of-Service Studies},
  author={Knipling, Ronald R},
  year={2017},
  publisher={University of Iowa}
}

@article{ghasemzadeh2018parametric,
  title={Parametric ordinal logistic regression and non-parametric decision tree approaches for assessing the impact of weather conditions on driver speed selection using naturalistic driving data},
  author={Ghasemzadeh, Ali and Hammit, Britton E and Ahmed, Mohamed M and Young, Rhonda Kae},
  journal={Transportation research record},
  pages={0361198118758035},
  year={2018},
  publisher={SAGE Publications Sage CA: Los Angeles, CA}
}

@article{neale2005overview,
  title={An overview of the 100-car naturalistic study and findings},
  author={Neale, Vicki L and Dingus, Thomas A and Klauer, Sheila G and Sudweeks, Jeremy and Goodman, Michael},
  journal={National Highway Traffic Safety Administration, Paper},
  volume={5},
  pages={0400},
  year={2005}
}

@article{mollicone2019predicting,
  title={Predicting performance and safety based on driver fatigue},
  author={Mollicone, Daniel and Kan, Kevin and Mott, Chris and Bartels, Rachel and Bruneau, Steve and van Wollen, Matthew and Sparrow, Amy R and Van Dongen, Hans PA},
  journal={Accident Analysis \& Prevention},
  volume={126},
  pages={142--145},
  year={2019},
  publisher={Elsevier}
}

@article{mccauley2013dynamic,
  title={Dynamic circadian modulation in a biomathematical model for the effects of sleep and sleep loss on waking neurobehavioral performance},
  author={McCauley, Peter and Kalachev, Leonid V and Mollicone, Daniel J and Banks, Siobhan and Dinges, David F and Van Dongen, Hans PA},
  journal={Sleep},
  volume={36},
  number={12},
  pages={1987--1997},
  year={2013},
  publisher={Oxford University Press}
}

@article{hickman2018synthetic,
  title={A synthetic approach to compare the large truck crash causation study and naturalistic driving data},
  author={Hickman, Jeffrey S and Hanowski, Richard J and Bocanegra, Joseph},
  journal={Accident Analysis \& Prevention},
  volume={112},
  pages={11--14},
  year={2018},
  publisher={Elsevier}
}

@article{guo2019statistical,
  title={Statistical methods for naturalistic driving studies},
  author={Guo, Feng},
  journal={Annual review of statistics and its application},
  volume={6},
  pages={309--328},
  year={2019},
  publisher={Annual Reviews}
}

@techreport{ghasemzadeh2017probit,
  title={A Probit-Decision Tree Approach to Analyze Effects of Adverse Weather Conditions on Work Zone Crash Severity Using Second Strategic Highway Research Program Roadway Information Dataset},
  author={Ghasemzadeh, Ali and Ahmed, Mohamed M},
  year={2017}
}

@inproceedings{eenink2014udrive,
  title={UDRIVE: the European naturalistic driving study},
  author={Eenink, Rob and Barnard, Yvonne and Baumann, Martin and Augros, Xavier and Utesch, Fabian},
  booktitle={Proceedings of Transport Research Arena},
  year={2014},
  organization={IFSTTAR}
}

@article{barnard2016study,
  title={The study design of UDRIVE: the naturalistic driving study across Europe for cars, trucks and scooters},
  author={Barnard, Yvonne and Utesch, Fabian and van Nes, Nicole and Eenink, Rob and Baumann, Martin},
  journal={European Transport Research Review},
  volume={8},
  number={2},
  pages={14},
  year={2016},
  publisher={Springer}
}

@techreport{alden2016animal,
  title={Animal-Vehicle Encounter Naturalistic Driving Data Collection and Photogrammetric Analysis},
  author={Alden, Andrew Scott and Mayer, Brian and Mcgowen, Patrick and Sherony, Rini and Takahashi, Hiroyuki},
  year={2016},
  institution={SAE Technical Paper}
}

@article{guo2015older,
  title={Older driver fitness-to-drive evaluation using naturalistic driving data},
  author={Guo, Feng and Fang, Youjia and Antin, Jonathan F},
  journal={Journal of safety research},
  volume={54},
  pages={49--e29},
  year={2015},
  publisher={Elsevier}
}

@inproceedings{jansen2018harsh,
  title={Harsh Braking by Truck Drivers: A Comparison of Thresholds and Driving Contexts Using Naturalistic Driving Data},
  author={Jansen, Reinier J and Simone Wesseling, SWOV},
  booktitle={Proceedings of the 6th Humanist Conference, Disponibile al link https://bit. ly/2C2Bw3Z [Online},
  year={2018}
}

@misc{heinrich1980dustrial,
  title={In dustrial accident prevention: a safety management approach},
  author={Heinrich, HW and Petersen, D and Roos, N},
  year={1980},
  publisher={New York, NY, USA: McGraw-Hill}
}

@techreport{zaloshnja2007unit,
  title={Unit costs of medium and heavy trucks},
  author={Zaloshnja, E and Miller, TA},
  year={2007},
  institution={Report No. FMCSA-RRA-07-034). Washington, DC: Federal Motor Carrier Safety~â€¦}
}

@article{chen2016evaluating,
  title={Evaluating the influence of crashes on driving risk using recurrent event models and Naturalistic Driving Study data},
  author={Chen, Chen and Guo, Feng},
  journal={Journal of applied statistics},
  volume={43},
  number={12},
  pages={2225--2238},
  year={2016},
  publisher={Taylor \& Francis}
}

@article{li2018bayesian,
  title={A Bayesian finite mixture change-point model for assessing the risk of novice teenage drivers},
  author={Li, Qing and Guo, Feng and Kim, Inyoung and Klauer, Sheila G and Simons-Morton, Bruce G},
  journal={Journal of applied statistics},
  volume={45},
  number={4},
  pages={604--625},
  year={2018},
  publisher={Taylor \& Francis}
}

@article{li2017evaluation,
  title={Evaluation of risk change-point for novice teenage drivers},
  author={Li, Qing and Guo, Feng and Klauer, Sheila G and Simons-Morton, Bruce G},
  journal={Accident Analysis \& Prevention},
  volume={108},
  pages={139--146},
  year={2017},
  publisher={Elsevier}
}

@article{guo2013individual,
  title={Individual driver risk assessment using naturalistic driving data},
  author={Guo, Feng and Fang, Youjia},
  journal={Accident Analysis \& Prevention},
  volume={61},
  pages={3--9},
  year={2013},
  publisher={Elsevier}
}

@article{dingus2016driver,
  title={Driver crash risk factors and prevalence evaluation using naturalistic driving data},
  author={Dingus, Thomas A and Guo, Feng and Lee, Suzie and Antin, Jonathan F and Perez, Miguel and Buchanan-King, Mindy and Hankey, Jonathan},
  journal={Proceedings of the National Academy of Sciences},
  volume={113},
  number={10},
  pages={2636--2641},
  year={2016},
  publisher={National Acad Sciences}
}

@misc{nhtsa2013national,
  title={National Motor Vehicle Crash Causation Survey: Report to Congress},
  author={NHTSA},
  year={2013},
  publisher={National Highway Traffic Safety Administration Washington DC}
}

@article{wu2012crashes,
  title={Crashes and crash-surrogate events: Exploratory modeling with naturalistic driving data},
  author={Wu, Kun-Feng and Jovanis, Paul P},
  journal={Accident Analysis \& Prevention},
  volume={45},
  pages={507--516},
  year={2012},
  publisher={Elsevier}
}

@article{wu2013defining,
  title={Defining and screening crash surrogate events using naturalistic driving data},
  author={Wu, Kun-Feng and Jovanis, Paul P},
  journal={Accident Analysis \& Prevention},
  volume={61},
  pages={10--22},
  year={2013},
  publisher={Elsevier}
}

@article{wu2014using,
  title={Using naturalistic driving data to explore the association between traffic safety-related events and crash risk at driver level},
  author={Wu, Kun-Feng and Aguero-Valverde, Jonathan and Jovanis, Paul P},
  journal={Accident Analysis \& Prevention},
  volume={72},
  pages={210--218},
  year={2014},
  publisher={Elsevier}
}

@article{campbell1991fatal,
  title={Fatal accident involvement rates by driver age for large trucks},
  author={Campbell, Kenneth L},
  journal={Accident Analysis \& Prevention},
  volume={23},
  number={4},
  pages={287--295},
  year={1991},
  publisher={Elsevier}
}

@article{otmani2005sleepiness,
  title={Sleepiness in professional drivers: effect of age and time of day},
  author={Otmani, Sarah and Rog{\'e}, Joceline and Muzet, Alain},
  journal={Accident Analysis \& Prevention},
  volume={37},
  number={5},
  pages={930--937},
  year={2005},
  publisher={Elsevier}
}

@article{dozza2013factors,
  title={What factors influence driversâ€™ response time for evasive maneuvers in real traffic?},
  author={Dozza, Marco},
  journal={Accident Analysis \& Prevention},
  volume={58},
  pages={299--308},
  year={2013},
  publisher={Elsevier}
}

@article{wang2013effect,
  title={The effect of traffic and road characteristics on road safety: A review and future research direction},
  author={Wang, Chao and Quddus, Mohammed A and Ison, Stephen G},
  journal={Safety science},
  volume={57},
  pages={264--275},
  year={2013},
  publisher={Elsevier}
}

@article{theofilatos2014review,
  title={A review of the effect of traffic and weather characteristics on road safety},
  author={Theofilatos, Athanasios and Yannis, George},
  journal={Accident Analysis \& Prevention},
  volume={72},
  pages={244--256},
  year={2014},
  publisher={Elsevier}
}

@article{kamla2019analysing,
  title={Analysing truck harsh braking incidents to study roundabout accident risk},
  author={Kamla, Jwan and Parry, Tony and Dawson, Andrew},
  journal={Accident Analysis \& Prevention},
  volume={122},
  pages={365--377},
  year={2019},
  publisher={Elsevier}
}

@article{noland2004effect,
  title={The effect of infrastructure and demographic change on traffic-related fatalities and crashes: a case study of Illinois county-level data},
  author={Noland, Robert B and Oh, Lyoong},
  journal={Accident Analysis \& Prevention},
  volume={36},
  number={4},
  pages={525--532},
  year={2004},
  publisher={Elsevier}
}

@article{kononov2008relationships,
  title={Relationships between safety and both congestion and number of lanes on urban freeways},
  author={Kononov, Jake and Bailey, Barbara and Allery, Bryan K},
  journal={Transportation research record},
  volume={2083},
  number={1},
  pages={26--39},
  year={2008},
  publisher={SAGE Publications Sage CA: Los Angeles, CA}
}

@misc{OSC1987,
ark = {ark:/19495/f5s1ph73},
url = {http://osc.edu/ark:/19495/f5s1ph73},
year  = {1987},
author = {Ohio Supercomputer Center},
title = {Ohio Supercomputer Center}
}

@inproceedings{maclaurin2015firefly,
  title={Firefly Monte Carlo: Exact MCMC with subsets of data},
  author={Maclaurin, Dougal and Adams, Ryan Prescott},
  booktitle={Twenty-Fourth International Joint Conference on Artificial Intelligence},
  year={2015}
}

@inproceedings{korattikara2014austerity,
  title={Austerity in MCMC land: Cutting the Metropolis-Hastings budget},
  author={Korattikara, Anoop and Chen, Yutian and Welling, Max},
  booktitle={International Conference on Machine Learning},
  pages={181--189},
  year={2014}
}

@inproceedings{bardenet2014towards,
  title={Towards scaling up Markov chain Monte Carlo: an adaptive subsampling approach},
  author={Bardenet, R{\'e}mi and Doucet, Arnaud and Holmes, Chris},
  year={2014}
}

@article{bardenet2017markov,
  title={On Markov chain Monte Carlo methods for tall data},
  author={Bardenet, R{\'e}mi and Doucet, Arnaud and Holmes, Chris},
  journal={The Journal of Machine Learning Research},
  volume={18},
  number={1},
  pages={1515--1557},
  year={2017},
  publisher={JMLR. org}
}

@article{quiroz2018subsampling,
  title={Subsampling MCMC-an Introduction for the Survey Statistician},
  author={Quiroz, Matias and Villani, Mattias and Kohn, Robert and Tran, Minh-Ngoc and Dang, Khue-Dung},
  journal={Sankhya A},
  pages={1--37},
  year={2018},
  publisher={Springer}
}

@article{quiroz2019speeding,
  title={Speeding up MCMC by efficient data subsampling},
  author={Quiroz, Matias and Kohn, Robert and Villani, Mattias and Tran, Minh-Ngoc},
  journal={Journal of the American Statistical Association},
  volume={114},
  number={526},
  pages={831--843},
  year={2019},
  publisher={Taylor \& Francis}
}



@article{bierkens2019zig,
  title={The zig-zag process and super-efficient sampling for Bayesian analysis of big data},
  author={Bierkens, Joris and Fearnhead, Paul and Roberts, Gareth and others},
  journal={The Annals of Statistics},
  volume={47},
  number={3},
  pages={1288--1320},
  year={2019},
  publisher={Institute of Mathematical Statistics}
}

@article{alquier2016noisy,
  title={Noisy Monte Carlo: Convergence of Markov chains with approximate transition kernels},
  author={Alquier, Pierre and Friel, Nial and Everitt, Richard and Boland, Aidan},
  journal={Statistics and Computing},
  volume={26},
  number={1-2},
  pages={29--47},
  year={2016},
  publisher={Springer}
}

@article{bierkens2019zig,
  title={The zig-zag process and super-efficient sampling for Bayesian analysis of big data},
  author={Bierkens, Joris and Fearnhead, Paul and Roberts, Gareth and others},
  journal={The Annals of Statistics},
  volume={47},
  number={3},
  pages={1288--1320},
  year={2019},
  publisher={Institute of Mathematical Statistics}
}



@inproceedings{betancourt2015fundamental,
  title={The fundamental incompatibility of scalable Hamiltonian Monte Carlo and naive data subsampling},
  author={Betancourt, Michael},
  booktitle={International Conference on Machine Learning},
  pages={533--540},
  year={2015}
}

@article{black1996statistical,
  title={Statistical inference for a modulated power law process},
  author={Black, Scott E and Rigdon, Steven E},
  journal={Journal of Quality Technology},
  volume={28},
  number={1},
  pages={81--90},
  year={1996},
  publisher={Taylor \& Francis}
}

@inproceedings{chen2014stochastic,
  title={Stochastic gradient hamiltonian monte carlo},
  author={Chen, Tianqi and Fox, Emily and Guestrin, Carlos},
  booktitle={International conference on machine learning},
  pages={1683--1691},
  year={2014}
}
