@article{de2011young,
  title={Do young novice drivers overestimate their driving skills more than experienced drivers? Different methods lead to different conclusions},
  author={De Craen, S and Twisk, DAM and Hagenzieker, Marjan Paula and Elffers, Hy and Brookhuis, Karel A},
  journal={Accident analysis \& prevention},
  volume={43},
  number={5},
  pages={1660--1665},
  year={2011},
  publisher={Elsevier}
}

@misc{who2018,
  author = {{WHO}},
  title = {The top 10 causes of death},
  year = 2018,
  howpublished ="\url{http://www.who.int/news-room/fact-sheets/detail/the-top-10-causes-of-death}",
  note = "[Online; accessed 20-February-2019]"
}

@misc{who2018b,
	author={{WHO}},
	title ={{Road traffic injuries}},
	howpublished ="\url{http://www.who.int/mediacentre/factsheets/fs358/en/}",
	year ="2018",
	note = "[Online; accessed 28-August-2018]"
}

@article{stern2018data,
  title={Data and methods for studying commercial motor vehicle driver fatigue, highway safety and long-term driver health},
  author={Stern, Hal S and Blower, Daniel and Cohen, Michael L and Czeisler, Charles A and Dinges, David F and Greenhouse, Joel B and Guo, Feng and Hanowski, Richard J and Hartenbaum, Natalie P and Krueger, Gerald P and others},
  journal={Accident Analysis \& Prevention},
  year={2018},
  publisher={Elsevier}
}

@misc{fmcsareport2016,
	author={{FMCSA}},
	title ={{Large Truck and Bus Crash Facts 2016}},
	howpublished ="\url{https://www.fmcsa.dot.gov/sites/fmcsa.dot.gov/files/docs/safety/data-and-statistics/398686/ltbcf-2016-final-508c-may-2018.pdf}",
	year ="2018",
	note = "[Online; accessed 20-February-2019]"
}

@misc{fmcsafacts2016,
	author={{FMCSA}},
	title ={{Fatal occupational injuries by event, 2016}},
	howpublished ="\url{https://www.fmcsa.dot.gov/sites/fmcsa.dot.gov/files/docs/safety/data-and-statistics/84856/cmvtrafficsafetyfactsheet2016-2017.pdf}",
	year ="2016",
	note = "[Online; accessed 20-February-2019]"
}

@article{de2006hypersomnolence,
  title={Hypersomnolence and accidents in truck drivers: A cross-sectional study},
  author={de Pinho, Rachel SN and da Silva-J{\'u}nior, Francisco P and Bastos, Joao Paulo C and Maia, Werllen S and de Mello, Marco Tulio and de Bruin, Veralice MS and de Bruin, Pedro Felipe C},
  journal={Chronobiology international},
  volume={23},
  number={5},
  pages={963--971},
  year={2006},
  publisher={Taylor \& Francis}
}

@techreport{zaloshnja2008unit,
  title={Unit costs of medium and heavy truck crashes},
  author={Zaloshnja, Eduard and Miller, Ted and others},
  year={2008},
  institution={The United States. Federal Motor Carrier Safety Administration}
}

@misc{bols,
	author={{The United States, Bureau of Labor Statistics}},
	title ={{Fatal occupational injuries by event, 2017}},
	howpublished ="\url{https://www.bls.gov/charts/census-of-fatal-occupational-injuries/fatal-occupational-injuries-by-event-drilldown.htm}",
	year ="2017",
	note = "[Online; accessed 20-February-2019]"
}

@misc{darksky,
	author={{The Dark Sky Company, LLC}},
	title ={{Dark Sky API — Overview}},
	howpublished ="\url{https://darksky.net/dev/docs}",
	year ="2019",
	note = "[Online; accessed 20-February-2019]"
}

@misc{fumagalli2017high,
  title={The High Toll of Traffic Injuries: Unacceptable and Preventable},
  author={Fumagalli, E and Bose, Dipan and Marquez, Patricio and Rocco, Lorenzo and Mirelman, Andrew and Suhrcke, Marc and Irvin, Alexander},
  year={2017},
  publisher={World Bank}
}

@article{grimes2005compared,
  title={Compared to what? Finding controls for case-control studies},
  author={Grimes, David A and Schulz, Kenneth F},
  journal={The Lancet},
  volume={365},
  number={9468},
  pages={1429--1433},
  year={2005},
  publisher={Elsevier}
}

@article{sedgwick2014case,
  title={Case-control studies: advantages and disadvantages},
  author={Sedgwick, Philip},
  journal={Bmj},
  volume={348},
  pages={f7707},
  year={2014},
  publisher={British Medical Journal Publishing Group}
}

@article{naik2016weather,
  title={Weather impacts on single-vehicle truck crash injury severity},
  author={Naik, Bhaven and Tung, Li-Wei and Zhao, Shanshan and Khattak, Aemal J},
  journal={Journal of safety research},
  volume={58},
  pages={57--65},
  year={2016},
  publisher={Elsevier}
}

@article{zhu2011comprehensive,
  title={A comprehensive analysis of factors influencing the injury severity of large-truck crashes},
  author={Zhu, Xiaoyu and Srinivasan, Sivaramakrishnan},
  journal={Accident Analysis \& Prevention},
  volume={43},
  number={1},
  pages={49--57},
  year={2011},
  publisher={Elsevier}
}

@article{uddin2017truck,
  title={Truck-involved crashes injury severity analysis for different lighting conditions on rural and urban roadways},
  author={Uddin, Majbah and Huynh, Nathan},
  journal={Accident Analysis \& Prevention},
  volume={108},
  pages={44--55},
  year={2017},
  publisher={Elsevier}
}

@article{saleh2013accident,
  title={Accident precursors, near misses, and warning signs: critical review and formal definitions within the framework of Discrete Event Systems},
  author={Saleh, Joseph H and Saltmarsh, Elizabeth A and Favaro, Francesca M and Brevault, Loic},
  journal={Reliability Engineering \& System Safety},
  volume={114},
  pages={148--154},
  year={2013},
  publisher={Elsevier}
}

@article{huang2013development,
  title={Development and validation of safety climate scales for lone workers using truck drivers as exemplar},
  author={Huang, Yueng-hsiang and Zohar, Dov and Robertson, Michelle M and Garabet, Angela and Lee, Jin and Murphy, Lauren A},
  journal={Transportation research part F: traffic psychology and behaviour},
  volume={17},
  pages={5--19},
  year={2013},
  publisher={Elsevier}
}

@article{dingus2006development,
  title={The development of a naturalistic data collection system to perform critical incident analysis: an investigation of safety and fatigue issues in long-haul trucking},
  author={Dingus, Thomas A and Neale, Vicki L and Klauer, Sheila G and Petersen, Andrew D and Carroll, Robert J},
  journal={Accident Analysis \& Prevention},
  volume={38},
  number={6},
  pages={1127--1136},
  year={2006},
  publisher={Elsevier}
}

@article{kusano2012safety,
  title={Safety benefits of forward collision warning, brake assist, and autonomous braking systems in rear-end collisions},
  author={Kusano, Kristofer D and Gabler, Hampton C},
  journal={IEEE Transactions on Intelligent Transportation Systems},
  volume={13},
  number={4},
  pages={1546--1555},
  year={2012},
  publisher={IEEE}
}

@inproceedings{janakiraman2016discovery,
  title={Discovery of Precursors to Adverse Events using Time Series Data},
  author={Janakiraman, Vijay Manikandan and Matthews, Bryan and Oza, Nikunj},
  booktitle={Proceedings of the 2016 SIAM International Conference on Data Mining},
  pages={639--647},
  year={2016},
  organization={SIAM}
}

@Manual{Rcitation,
    title = {R: A Language and Environment for Statistical Computing},
    author = {{R Core Team}},
    organization = {R Foundation for Statistical Computing},
    address = {Vienna, Austria},
    year = {2018},
    url = {https://www.R-project.org/},
  }

@Manual{Rdatatable,
    title = {data.table: Extension of `data.frame`},
    author = {Matt Dowle and Arun Srinivasan},
    year = {2019},
    note = {R package version 1.12.0},
    url = {https://CRAN.R-project.org/package=data.table},
  }

@Manual{Rdplyr,
    title = {dplyr: A Grammar of Data Manipulation},
    author = {Hadley Wickham and Romain François and Lionel Henry and Kirill Müller},
    year = {2018},
    note = {R package version 0.7.8},
    url = {https://CRAN.R-project.org/package=dplyr},
}

@Article{Rlubridate,
    title = {Dates and Times Made Easy with {lubridate}},
    author = {Garrett Grolemund and Hadley Wickham},
    journal = {Journal of Statistical Software},
    year = {2011},
    volume = {40},
    number = {3},
    pages = {1--25},
    url = {http://www.jstatsoft.org/v40/i03/},
}

@Book{Rggplot2,
    author = {Hadley Wickham},
    title = {ggplot2: Elegant Graphics for Data Analysis},
    publisher = {Springer-Verlag New York},
    year = {2016},
    isbn = {978-3-319-24277-4},
    url = {http://ggplot2.org},
}

@article{braver1997tractor,
  title={Tractor-trailer crashes in Indiana: A case-control study of the role of truck configuration},
  author={Braver, Elisa R and Zador, Paul L and Thum, Denise and Mitter, Eric L and Baum, Herbert M and Vilardo, Frank J},
  journal={Accident Analysis \& Prevention},
  volume={29},
  number={1},
  pages={79--96},
  year={1997},
  publisher={Elsevier}
}

@article{chen2014modeling,
  title={Modeling the safety impacts of driving hours and rest breaks on truck drivers considering time-dependent covariates},
  author={Chen, Chen and Xie, Yuanchang},
  journal={Journal of safety research},
  volume={51},
  pages={57--63},
  year={2014},
  publisher={Elsevier}
}

@article{nee2019road,
  title={Road safety and distraction, results from a responsibility case-control study among a sample of road users interviewed at the emergency room},
  author={N{\'e}e, M{\'e}lanie and Contrand, Benjamin and Orriols, Ludivine and Gil-Jardin{\'e}, C{\'e}dric and Gal{\'e}ra, Cedric and Lagarde, Emmanuel},
  journal={Accident Analysis \& Prevention},
  volume={122},
  pages={19--24},
  year={2019},
  publisher={Elsevier}
}

@article{meuleners2015obstructive,
  title={Obstructive sleep apnea, health-related factors, and long distance heavy vehicle crashes in Western Australia: a case control study},
  author={Meuleners, Lynn and Fraser, Michelle L and Govorko, Matthew H and Stevenson, Mark R},
  journal={Journal of Clinical Sleep Medicine},
  volume={11},
  number={04},
  pages={413--418},
  year={2015},
  publisher={American Academy of Sleep Medicine}
}

@article{gershon2019distracted,
  title={Distracted Driving, Visual Inattention, and Crash Risk Among Teenage Drivers},
  author={Gershon, Pnina and Sita, Kellienne R and Zhu, Chunming and Ehsani, Johnathon P and Klauer, Sheila G and Dingus, Tom A and Simons-Morton, Bruce G},
  journal={American Journal of Preventive Medicine},
  year={2019},
  publisher={Elsevier}
}